@article{abbott2016observation,
  title={Observation of gravitational waves from a binary black hole    merger},
  author={Abbott, Benjamin P and Abbott, Richard and Abbott, TD and Abernathy, MR and Acernese, Fausto and Ackley, Kendall and Adams, Carl and Adams, Thomas and Addesso, Paolo and Adhikari, RX and others},
  journal={Physical Review Letters},
  volume={116},
  number={6},
  pages={061102},
  year={2016},
  publisher={APS}
}

@article{ashirov2008tetramerization,
  title={Tetramerization of 3-methyl-cyclopropene-3-carbonitrile: A novel CN-Alder-ene reaction},
  author={Ashirov, Roman V and Shamov, Grigory A and Lodochnikova, Olga A and Litvynov, IA and Appolonova, Svetlana A and Plemenkov, Vitaly V},
  journal={The Journal of organic chemistry},
  volume={73},
  number={15},
  pages={5985--5988},
  year={2008},
  publisher={ACS Publications}
}

@online{buctthesis,
  title={BUCTthesis: A LaTeX writting template for BUCT undergraduate thesis},
  author={Miracle0565},
  year={2020},
  citedate={2020-01-23},
  url={https://github.com/Miracle0565/BUCTthesis},
}
